@book{Nocedal2006,
author = {Nocedal, J. and Wright, S. J.},
edition = {second},
publisher = {Springer},
title = {{Numerical Optimization}},
year = {2006}
}

@misc{LabExercise,
author = {Jesmani, Mansoureh},
publisher = {Norwegian University of Science and Technology, Department of Engineering Cybernetics},
title = {TTK4135 Optimization and Control, Helicopter Lab},
year = {2015}
}
